<record><leader>00000cas a22000007a 4500</leader><controlfield tag="001">12407816</controlfield><controlfield tag="008">850821d19041928wiuwr ne      0    0eng d</controlfield><datafield ind1=" " ind2=" " tag="010"><subfield code="a">sn 85041114 </subfield></datafield><datafield ind1=" " ind2=" " tag="040"><subfield code="a">NPV</subfield><subfield code="b">eng</subfield><subfield code="c">NPV</subfield><subfield code="d">OCLCQ</subfield></datafield><datafield ind1=" " ind2=" " tag="042"><subfield code="a">msc</subfield></datafield><datafield ind1=" " ind2=" " tag="045"><subfield code="a">x0x2</subfield></datafield><datafield ind1=" " ind2=" " tag="052"><subfield code="a">4123</subfield><subfield code="b">O8</subfield></datafield><datafield ind1="0" ind2="4" tag="245"><subfield code="a">The Black Creek times.</subfield></datafield><datafield ind1=" " ind2=" " tag="260"><subfield code="a">Black Creek, Outagamie County, Wis. :</subfield><subfield code="b">Martin Bros.,</subfield><subfield code="c">1904-1928.</subfield></datafield><datafield ind1=" " ind2=" " tag="300"><subfield code="a">24 v. :</subfield><subfield code="b">ill.</subfield></datafield><datafield ind1=" " ind2=" " tag="310"><subfield code="a">Weekly</subfield></datafield><datafield ind1="0" ind2=" " tag="362"><subfield code="a">Vol. 1, no. 1 (Jan. 1, 1904)-v. 24, no. 41 (Apr. 12, 1928).</subfield></datafield><datafield ind1=" " ind2=" " tag="500"><subfield code="a">Publisher changes: Martin &amp; Burdick, Mar. 10-May 19, 1904.--F.H. Colburn, May 26, 1904-&lt;Feb. 29, 1926&gt;.--G.L. Burghart, &lt;July 10, 1926&gt;-July 21, 1927.</subfield></datafield><datafield ind1=" " ind2=" " tag="500"><subfield code="a">Editor: D.C. Hickock, July 28, 1927-Apr. 12, 1928.</subfield></datafield><datafield ind1=" " ind2=" " tag="525"><subfield code="a">Supplements accompany some issues.</subfield></datafield><datafield ind1=" " ind2=" " tag="530"><subfield code="a">Available on microfilm from The State Historical Society of Wisconsin.</subfield></datafield><datafield ind1=" " ind2=" " tag="752"><subfield code="a">United States</subfield><subfield code="b">Wisconsin</subfield><subfield code="c">Outagamie</subfield><subfield code="d">Black Creek.</subfield></datafield><datafield ind1="1" ind2=" " tag="029"><subfield code="a">AU@</subfield><subfield code="b">000025809944</subfield></datafield></record>